<?xml version="1.0" encoding="UTF-8"?><record xmlns="http://www.loc.gov/MARC21/slim" xmlns:cinclude="http://apache.org/cocoon/include/1.0" xmlns:zs="http://www.loc.gov/zing/srw/">
  <leader>00472cz  a2200133n  4500</leader>
  <controlfield tag="001">n  88173115 </controlfield>
  <controlfield tag="003">DLC</controlfield>
  <controlfield tag="005">19890607153654.8</controlfield>
  <controlfield tag="008">890515n| acannaab|          |n aaa ||| b</controlfield>
  <datafield tag="010" ind1=" " ind2=" ">
    <subfield code="a">n  88173115 </subfield>
  </datafield>
  <datafield tag="040" ind1=" " ind2=" ">
    <subfield code="a">DNLM</subfield>
    <subfield code="c">DLC</subfield>
    <subfield code="d">DLC</subfield>
  </datafield>
  <datafield tag="100" ind1="1" ind2="0">
    <subfield code="a">Fukuyama, Umon,</subfield>
    <subfield code="d">1910-</subfield>
  </datafield>
  <datafield tag="670" ind1=" " ind2=" ">
    <subfield code="a">His Kaibogaku no jisshū to yōten, 1987 (1988 printing):</subfield>
    <subfield code="b">t.p. (Fukuyama Umon) colophon (r; prof., Chiba Daigaku)</subfield>
  </datafield>
  <datafield tag="670" ind1=" " ind2=" ">
    <subfield code="a">Kenkyūsha sōran, shizen, 1961:</subfield>
    <subfield code="b">p. 641 (Fukuyama, Umon; b. 2/Meiji 43)</subfield>
  </datafield>
</record>